@BOOK{Kline,
  title = {古今数学思想},
  publisher = {上海科学技术出版社},
  year = {2002},
  author = {克莱因}
  }
  
@ARTICLE{quanjing,
  author = {曲安京},
  title = {商高、赵爽与刘徽关于勾股定理的证明},
  journal = {数学传播},
  year = {1998},
  volume = {20},
  number = {3}
}

@BOOK{Shiye,
  title = {几何的有名定理},
  publisher = {上海科学技术出版社},
  year = {1986},
  author = {矢野健太郎}
}

@Book{Zhao,
  title = {《现代微波技术基础》[M]（第二版）},
  publisher = {哈尔滨工程大学出版社},
  year = {2003},
  author = {赵春晖，杨莘元}
}

@Book{Wu,
  title = {《微波技术》[M]},
  publisher = {西安电子科技大学出版社},
  year = {1995},
  author = {吴明英，毛秀华}
}

@Book{Colin,
  title = {《微波工程基础》[M]},
  publisher = {人民邮电出版社},
  year = {1981},
  author = {R.E.Colin著，吕继尧译}
}

@Book{Liang,
  title = {国家级精品课程-《微波工程基础》网络视频},
  publisher = {西安电子科技大学},
  author = {梁昌洪}
}

